@article{Rump2010,
  title = {Verification methods: Rigorous results using floating-point arithmetic},
  volume = {19},
  issn = {1474-0508, 0962-4929},
  doi = {10.1017/S096249291000005X},
  pages = {287--449},
  journaltitle = {Acta Numerica},
  author = {Rump, Siegfried M.},
  date = {2010-05},
}

@article{Chaykin2016,
  title = {Rigorous results in electronic structure calculations},
  url = {http://www.optimization-online.org/DB_HTML/2016/11/5730.html},
  author = {Chaykin, D. and Jansson, C. and Keil, F. and Lange, M. and Ohlhus, K. T. and Rump, S. M.},
  date = {2016},
}


@thesis{Ohlhus2019,
  title = {Rigorose Fehlerschranken für das Elektronenstrukturproblem},
  institution = {Technische Universität Hamburg},
  type = {Thesis},
  author = {Ohlhus, Kai Torben},
  date = {2019},
  langid = {german},
  doi = {10.15480/882.2227},
}

@inproceedings{Gamblin2015,
  title = {The {{Spack}} Package Manager: Bringing Order to {{HPC}} Software Chaos},
  shorttitle = {The {{Spack}} Package Manager},
  booktitle = {Proceedings of the {{International Conference}} for {{High Performance Computing}}, {{Networking}}, {{Storage}} and {{Analysis}}},
  author = {Gamblin, Todd and LeGendre, Matthew and Collette, Michael R. and Lee, Gregory L. and Moody, Adam and de Supinski, Bronis R. and Futral, Scott},
  date = {2015-11-15},
  pages = {1--12},
  publisher = {{Association for Computing Machinery}},
  location = {{Austin, Texas}},
  doi = {10.1145/2807591.2807623},
  options = {useprefix=true},
  series = {{{SC}} '15}
}

@inproceedings{Herbein2016,
  title = {Resource {{Management}} for {{Running HPC Applications}} in {{Container Clouds}}},
  booktitle = {High {{Performance Computing}}},
  author = {Herbein, Stephen and Dusia, Ayush and Landwehr, Aaron and McDaniel, Sean and Monsalve, Jose and Yang, Yang and Seelam, Seetharami R. and Taufer, Michela},
  editor = {Kunkel, Julian M. and Balaji, Pavan and Dongarra, Jack},
  date = {2016},
  pages = {261--278},
  publisher = {{Springer International Publishing}},
  location = {{Cham}},
  doi = {10.1007/978-3-319-41321-1_14},
  isbn = {978-3-319-41321-1},
  series = {Lecture {{Notes}} in {{Computer Science}}}
}

@article{Kurtzer2017,
  title = {Singularity: {{Scientific}} Containers for Mobility of Compute},
  shorttitle = {Singularity},
  author = {Kurtzer, Gregory M. and Sochat, Vanessa and Bauer, Michael W.},
  date = {2017-05-11},
  journaltitle = {PLOS ONE},
  shortjournal = {PLOS ONE},
  volume = {12},
  pages = {e0177459},
  issn = {1932-6203},
  doi = {10.1371/journal.pone.0177459},
  number = {5}
}

@inproceedings{Le2017,
  title = {Performance {{Analysis}} of {{Applications}} Using {{Singularity Container}} on {{SDSC Comet}}},
  booktitle = {Proceedings of the {{Practice}} and {{Experience}} in {{Advanced Research Computing}} 2017 on {{Sustainability}}, {{Success}} and {{Impact}}},
  author = {Le, Emily and Paz, David},
  date = {2017-07-09},
  pages = {1--4},
  publisher = {{Association for Computing Machinery}},
  location = {{New Orleans, LA, USA}},
  doi = {10.1145/3093338.3106737},
  url = {https://doi.org/10.1145/3093338.3106737},
  isbn = {978-1-4503-5272-7},
  series = {{{PEARC17}}}
}

@inproceedings{Shudler2019,
  title = {Spack {{Meets Singularity}}: {{Creating Movable In}}-Situ {{Analysis Stacks}} with {{Ease}}},
  shorttitle = {Spack {{Meets Singularity}}},
  booktitle = {Proceedings of the {{Workshop}} on {{In Situ Infrastructures}} for {{Enabling Extreme}}-{{Scale Analysis}} and {{Visualization}}},
  author = {Shudler, Sergei and Ferrier, Nicola and Insley, Joseph and Papka, Michael E. and Rizzi, Silvio},
  date = {2019},
  pages = {34--38},
  publisher = {{ACM}},
  location = {{Denver, Colorado}},
  doi = {10.1145/3364228.3364682},
  url = {http://doi.acm.org/10.1145/3364228.3364682},
  isbn = {978-1-4503-7723-2},
  series = {{{ISAV}} '19}
}

@inproceedings{Younge2017,
  title = {A {{Tale}} of {{Two Systems}}: {{Using Containers}} to {{Deploy HPC Applications}} on {{Supercomputers}} and {{Clouds}}},
  shorttitle = {A {{Tale}} of {{Two Systems}}},
  booktitle = {2017 {{IEEE International Conference}} on {{Cloud Computing Technology}} and {{Science}} ({{CloudCom}})},
  author = {Younge, Andrew J. and Pedretti, Kevin and Grant, Ryan E. and Brightwell, Ron},
  date = {2017-12},
  pages = {74--81},
  issn = {2330-2186},
  doi = {10.1109/CloudCom.2017.40},
}
